@misc{Aboutthe17:online,
author = {United Nations Peacekeeping},
title = {About the Buffer Zone | UNFICYP},
url = {\url{https://unficyp.unmissions.org/about-buffer-zone}},
month = {},
year = {2021}
}

@misc{Africa_News,
  author        = "Africa-News",
  title         = "International Organizations and Africa; Security Council Says States Have Primary Responsibility for Protecting Civilians in Conflict, Reaffirms Peacekeeping Missions Need Protection Mandate, Resources",
  month         = "Feb. 12,",
  year          = "2013",
  url           = {\url{https://advance-lexis-com.ezproxy.uky.edu/api/document?collection=news&id=urn:contentItem:57RF-G8F1-DYR8-32H2-00000-00&context=1516831}}
}

@article{albrecht2020,
  title={Diversionary Peace: International Peacekeeping and Domestic Civil-Military Relations},
  author={Albrecht, Holger},
  journal={International Peacekeeping},
  volume={27},
  number={4},
  pages={586--616},
  year={2020},
  publisher={Taylor \& Francis}
}

@article{allen2014,
  title={The Politics of Peacekeeping: UN Security Council Oversight Across Peacekeeping Missions},
  author={Allen, Susan Hannah and Yuen, Amy T},
  journal={International Studies Quarterly},
  volume={58},
  number={3},
  pages={621--632},
  year={2014},
  publisher={Blackwell Publishing Ltd Oxford, UK}
}

@article{blair2021,
  title={UN Peacekeeping and the Rule of Law},
  author={Blair, Robert A},
  journal={American Political Science Review},
  volume={115},
  number={1},
  pages={51--68},
  year={2021},
  publisher={Cambridge University Press}
}

@book{bellamy2010,
  title={Understanding Peacekeeping},
  author={Bellamy, Alex J and Williams, Paul D and Griffin, Stuart},
  year={2010},
  publisher={Polity}
}

@article{bobrow1997maintaining,
  title={Maintaining System Stability: Contributions to Peacekeeping Operations},
  author={Bobrow, Davis B and Boyer, Mark A},
  journal={Journal of Conflict Resolution},
  volume={41},
  number={6},
  pages={723--748},
  year={1997},
  publisher={Sage Periodicals Press 2455 Teller Road, Thousand Oaks, CA 91320}
}

@book{boncheck1997,
  title={Analyzing Politics},
  author={Boncheck, Mark S and Shepsle, Kenneth A},
  year={1997},
  publisher={New York: Norton}
}

@article{boutton2020,
  title={Buying Blue Helmets: The Role of Foreign Aid in the Construction of UN Peacekeeping Missions},
  author={Boutton, Andrew and D’Orazio, Vito},
  journal={Journal of Peace Research},
  volume={57},
  number={2},
  pages={312--328},
  year={2020},
  publisher={SAGE Publications Sage UK: London, England}
}

@article{boutton2020,
  title={Buying Blue Helmets: The Role of Foreign Aid in the Construction of UN Peacekeeping Missions},
  author={Boutton, Andrew and D’Orazio, Vito},
  journal={Journal of Peace Research},
  volume={57},
  number={2},
  pages={312--328},
  year={2020},
  publisher={SAGE Publications Sage UK: London, England}
}

@article{bove2011,
  title={A Theoretical Approach to the Demand and Supply for Peacekeeping},
  author={Bove, Vincenzo},
  journal={The Economics of Peace and Security Journal},
  volume={6},
  number={2},
  year={2011}
}

@misc{Civs_Libya, 
 author = {United Nations, The},
 title={Security Council Authorizes `All Necessary Measures' to Protect Civilians in Libya},
 url = {\url{https://news.un.org/en/story/2011/03/369382-security-council-authorizes-all-necessary-measures-protect-civilians-libya}}, 
 journal={United Nations}, 
 publisher={United Nations},
 year={2011}
} 

@article{cohen2013,
  title={Explaining Rape During Civil War: Cross-National Evidence (1980--2009)},
  author={Cohen, Dara Kay},
  journal={American Political Science Review},
  volume={107},
  number={3},
  pages={461--477},
  year={2013},
  publisher={Cambridge University Press}
}

@article{coleman2018,
  title={Peacekeeping for Profit? The Scope and Limits of ‘Mercenary’UN Peacekeeping},
  author={Coleman, Katharina P and Nyblade, Benjamin},
  journal={Journal of Peace Research},
  volume={55},
  number={6},
  pages={726--741},
  year={2018},
  publisher={SAGE Publications Sage UK: London, England}
}

@article{coleman2020,
  title={United Nations Peacekeeping Decisions: Three Hierarchies, Upward Mobility and Institutionalised Inequality Among Member States},
  author={Coleman, Katharina P},
  journal={Global Society},
  volume={34},
  number={3},
  pages={318--334},
  year={2020},
  publisher={Taylor \& Francis}
}

@article{Crescenzi2011,
  title={A Supply Side Theory of Mediation},
  author={Mark J.C. Crescenzi and Kelly M. Kadera and Sara McLaughlin Mitchell and Clayton L. Thyne},
  journal={International Studies Quarterly},
  volume={55},
  number={4},
  pages={1069-1094},
  year={2011}
}

@misc{COW_list,
  title = "State System Membership List, v2016",
  author = "Correlates of War Project, The",
  year = "2017",
  url = "{\url{http://correlatesofwar.org}}"
}

 @misc{DDR, 
 author = {United Nations, The},
 title={Disarmament, Demobilization and Reintegration},
 url= {\url{https://peacekeeping.un.org/en/disarmament-demobilization-and-reintegration}}, 
 journal={United Nations}, 
 publisher={United Nations},
 year={2021}
} 

@misc{demining, 
 author = {United Nations, The},
 title={Mine Action},
 url = {\url{https://peacekeeping.un.org/en/mine-action}}, 
 journal={United Nations}, 
 publisher={United Nations},
 year={2021}
 } 

@article{downs1996,
  title={Is the Good News about Compliance Good News about Cooperation?},
  author={Downs, George W and Rocke, David M and Barsoom, Peter N},
  journal={International Organization},
  volume={50},
  number={3},
  pages={379--406},
  year={1996},
  publisher={Cambridge University Press}
}

@article{duursma2019,
  title={Voted Out: Regime type, Elections and Contributions to United Nations Peacekeeping Operations},
  author={Duursma, Allard and Gledhill, John},
  journal={European Journal of International Relations},
  volume={25},
  number={4},
  pages={1157--1185},
  year={2019},
  publisher={SAGE Publications Sage UK: London, England}
}

@article{fortna2004,
  title={Does Peacekeeping Keep Peace? International Intervention and the Duration of Peace After Civil War},
  author={Fortna, Virginia Page},
  journal={International Studies Quarterly},
  volume={48},
  number={2},
  pages={269--292},
  year={2004},
  publisher={Blackwell Publishing Oxford, UK}
}

@article{fortna2008pitfalls,
  title={Pitfalls and Prospects in the Peacekeeping Literature},
  author={Fortna, Virginia Page and Howard, Lise Morj{\'e}},
  journal={Annual Review  of Political Science},
  volume={11},
  pages={283--301},
  year={2008},
  publisher={Annual Reviews}
}

@book{fortna2008,
  title={Does Peacekeeping Work?},
  author={Fortna, Virginia Page},
  year={2008},
  publisher={Princeton University Press}
}

@incollection{PKO_Ox,
  author      = "Nigel D. White",
  title       = "Peacekeeping and International Law",
  editor      = "Joachim A. Koops and Thierry Tardy and Norrie MacQueen and Paul D. Williams",
  booktitle   = "The Oxford Handbook of United Nations Peacekeeping Operations",
  publisher   = "Oxford University Press",
  address     = "Oxford",
  year        = 2015,
  pages       = "43-57",
  chapter     = 3,
}

@article{gilligan2003,
  title={Where Do the Peacekeepers Go?},
  author={Gilligan, Michael and Stedman, Stephen John},
  journal={International Studies Review},
  volume={5},
  number={4},
  pages={37--54},
  year={2003},
  publisher={Blackwell Publishing Oxford, UK}
}

@article{mullenbach2005,
  title={Deciding to Keep Peace: An Analysis of International Influences on the Establishment of Third-Party Peacekeeping Missions},
  author={Mullenbach, Mark J},
  journal={International Studies Quarterly},
  volume={49},
  number={3},
  pages={529--555},
  year={2005},
  publisher={Blackwell Publishing Ltd Oxford, UK}
}

@article{townsen2014,
  title={Where Do Peacekeepers Go When They Go?: Explaining the Spatial Heterogeneity of Peacekeeping Deployments},
  author={Townsen, Ashly Adam and Reeder, Bryce W},
  journal={Journal of International Peacekeeping},
  volume={18},
  number={1-2},
  pages={69--91},
  year={2014},
  publisher={Brill Nijhoff}
}

@article{fjelde2019,
  title={Protection Through Presence: UN Peacekeeping and the Costs of Targeting Civilians},
  author={Fjelde, Hanne and Hultman, Lisa and Nilsson, Desir{\'e}e},
  journal={International Organization},
  volume={73},
  number={1},
  pages={103--131},
  year={2019},
  publisher={Cambridge University Press}
}

@article{phayal2020,
  title={Deploying to Protect: The Effect of Military Peacekeeping Deployments on Violence Against Civilians},
  author={Phayal, Anup and Prins, Brandon C},
  journal={International Peacekeeping},
  volume={27},
  number={2},
  pages={311--336},
  year={2020},
  publisher={Taylor \& Francis}
}

@book{olson1965,
  title={The Logic of Collective Action: Public Goods and the Theory of Groups},
  author={Mancur Olson},
  year={1965},
  publisher={Harvard University Press}
}
 
@article{leck2009,
  title={International Responsibility in United Nations Peacekeeping Operations: Command and Control Arrangements and the Attribution of Conduct.},
  author={Leck, Christopher},
  journal={Melbourne Journal of International Law},
  volume={10},
  number={1},
  pages={346--364},
  year={2009}
}

@article{fearon1998,
  title={Bargaining, Enforcement, and International Cooperation},
  author={Fearon, James D},
  journal={International Organization},
  volume={52},
  number={2},
  pages={269--305},
  year={1998},
  publisher={Cambridge University Press}
}

@article{kathman2017,
  title={Who Keeps the Peace? Understanding State Contributions to UN Peacekeeping Operations},
  author={Kathman, Jacob D and Melin, Molly M},
  journal={International Studies Quarterly},
  volume={61},
  number={1},
  pages={150--162},
  year={2017},
  publisher={Oxford University Press}
}

@article{lundgren2018,
  title={Backdoor Peacekeeping: Does Participation in UN Peacekeeping Reduce Coups at Home?},
  author={Lundgren, Magnus},
  journal={Journal of Peace Research},
  volume={55},
  number={4},
  pages={508--523},
  year={2018},
  publisher={SAGE Publications Sage UK: London, England}
}

@article{levin2020,
  title={Whitewashing and Extortion: Why Human Rights-Abusing States Participate in UN Peacekeeping Operations},
  author={Levin, Andrew},
  journal={International Interactions},
  volume={46},
  number={5},
  pages={778--804},
  year={2020},
  publisher={Taylor \& Francis}
}

@article{oksamytna2021,
  title={Leadership Selection in United Nations Peacekeeping},
  author={Oksamytna, Kseniya and Bove, Vincenzo and Lundgren, Magnus},
  journal={International Studies Quarterly},
  volume={65},
  number={1},
  pages={16--28},
  year={2021},
  publisher={Oxford University Press}
}

@article{lundgren2021,
  title={Politics or Performance? Leadership Accountability in UN Peacekeeping},
  author={Lundgren, Magnus and Oksamytna, Kseniya and Bove, Vincenzo},
  journal={Journal of Conflict Resolution},
  year={2021}
}

@incollection{nils2016,
  author      = "Nils Petter Gleditsch and Erik Melander and Henrik Urdal",
  title       = "Introduction-Patterns of Armed Conflict since 1945",
  editor      = "T. David Mason and Sara McLaughlin Mitchell",
  booktitle   = "What Do We Know About Civil Wars?",
  publisher   = "Rowman \& Littlefield",
  address     = "United Kingdom",
  year        = "2016",
  pages       = "15--33",
  chapter     = "1",
  }

@article{levin2021,
  title={Peacekeeper Fatalities and Force Commitments to UN Operations},
  author={Levin, Andrew},
  journal={Conflict Management and Peace Science},
  volume={38},
  number={3},
  pages={292--315},
  year={2021},
  publisher={SAGE Publications Sage UK: London, England}
}

@article{page2016,
  title={China Discovers the Price of Global Power: Soldiers Returning in Caskets},
  author={Page, Jeremy and Stevis, Matina},
  journal={The Wall Street Journal},
  volume={15},
  year={2016}
}

@article{lloyd2021,
  title={New Data on UN Mission Mandates 1948--2015: Tasks Assigned to Missions in their Mandates (TAMM)},
  author={Lloyd, Gabriella},
  journal={Journal of Peace Research},
  pages={1--12},
  year={2021},
  publisher={SAGE Publications Sage UK: London, England}
}

@misc{Election,
author = {UN-DPPA},
title = {Elections},
url = {\url{https://dppa.un.org/en/elections}},
month = {},
year = {2021}
}

@misc{mandate.online,
author = {United Nations Peacekeeping},
title = {Mandates and the Legal Basis for Peacekeeping},
url = {\url{https://peacekeeping.un.org/en/mandates-and-legal-basis-peacekeeping}},
month = {},
year = {2021}
}

@article{gaibulloev2015,
  title={Personnel Contributions to UN and Non-UN Peacekeeping Missions: A Public Goods Approach},
  author={Gaibulloev, Khusrav and George, Justin and Sandler, Todd and Shimizu, Hirofumi},
  journal={Journal of Peace Research},
  volume={52},
  number={6},
  pages={727--742},
  year={2015},
  publisher={SAGE Publications Sage UK: London, England}
}

@article{hesse2015,
  title={Why Deploy to Somalia? Understanding Six African Countries’ Reasons for Sending Soldiers to One of the World’s Most Failed States},
  author={Hesse, Brian J},
  journal={The Journal of the Middle East and Africa},
  volume={6},
  number={3-4},
  pages={329--352},
  year={2015},
  publisher={Taylor \& Francis}
}

@article{levin2021test,
  title={A Test of the Democratic Peacekeeping Hypothesis: Coups, Democracy, and Foreign Military Deployments},
  author={Levin, Jamie and MacKay, Joseph and Jamison, Anne Spencer and Nasirzadeh, Abouzar and Sealey, Anthony},
  journal={Journal of Peace Research},
  volume={58},
  number={3},
  pages={355--367},
  year={2021},
  publisher={SAGE Publications Sage UK: London, England}
}

@article{oksamytna2021,
  title={Leadership Selection in United Nations Peacekeeping},
  author={Oksamytna, Kseniya and Bove, Vincenzo and Lundgren, Magnus},
  journal={International Studies Quarterly},
  volume={65},
  number={1},
  pages={16--28},
  year={2021},
  publisher={Oxford University Press}
}

@article{lundgren2021,
  title={Politics or Performance? Leadership Accountability in UN Peacekeeping},
  author={Lundgren, Magnus and Oksamytna, Kseniya and Bove, Vincenzo},
  journal={Journal of Conflict Resolution},
  year={2021}
}

@article{joshi2020,
  title={An Institutional Explanation of Troop Contributions in UN Peacekeeping Missions},
  author={Joshi, Madhav},
  journal={International Peacekeeping},
  volume={27},
  number={5},
  pages={785--809},
  year={2020},
  publisher={Taylor \& Francis}
}

@article{passmore2018,
  title={Rallying the Troops: Collective Action and Self-Interest in UN Peacekeeping Contributions},
  author={Passmore, Timothy JA and Shannon, Megan and Hart, Andrew F},
  journal={Journal of Peace Research},
  volume={55},
  number={3},
  pages={366--379},
  year={2018},
  publisher={SAGE Publications Sage UK: London, England}
}

@article{levin2016,
  title={Selectorate Theory and the Democratic Peacekeeping Hypothesis: Evidence From Fiji and Bangladesh},
  author={Levin, Jamie and MacKay, Joseph and Nasirzadeh, Abouzar},
  journal={International Peacekeeping},
  volume={23},
  number={1},
  pages={107--132},
  year={2016},
  publisher={Taylor \& Francis}
}

@article{hultman2013united,
  title={United Nations Peacekeeping and Civilian Protection in Civil War},
  author={Hultman, Lisa and Kathman, Jacob and Shannon, Megan},
  journal={American Journal of Political Science},
  volume={57},
  number={4},
  pages={875--891},
  year={2013},
  publisher={Wiley Online Library}
}

@article{kirschner2019does,
  title={Does Peacekeeping Really Bring Peace? Peacekeepers and Combatant-Perpetrated Sexual Violence in Civil Wars},
  author={Kirschner, Shanna and Miller, Adam},
  journal={Journal of Conflict Resolution},
  volume={63},
  number={9},
  pages={2043--2070},
  year={2019},
  publisher={Sage Publications Sage CA: Los Angeles, CA}
}

@article{haass2018better,
  title={Better Peacekeepers, Better Protection? Troop Quality of United Nations Peace Operations and Violence Against Civilians},
  author={Haass, Felix and Ansorg, Nadine},
  journal={Journal of Peace Research},
  volume={55},
  number={6},
  pages={742--758},
  year={2018},
  publisher={SAGE Publications Sage UK: London, England}
}

@article{hultman2014beyond,
  title={Beyond Keeping Peace: United Nations Effectiveness in the Midst of Fighting},
  author={Hultman, Lisa and Kathman, Jacob and Shannon, Megan},
  journal={American Political Science Review},
  volume={108},
  number={4},
  pages={737--753},
  year={2014},
  publisher={Cambridge University Press}
}

@misc{UN_GA,
  author        = "{United Nations Peacekeeping}",
  title         = "Role of the General Assembly",
  month         = "", 
  year          = "2021",
  url           = {\url{https://peacekeeping.un.org/en/role-of-general-assembly}}
  }

@article{fearon1995,
  title={Rationalist Explanations for War},
  author={Fearon, James D},
  journal={International Organization},
  volume={49},
  number={3},
  pages={379--414},
  year={1995},
  publisher={Cambridge University Press}
}

@article{powell2006,
  title={War As a Commitment Problem},
  author={Powell, Robert},
  journal={International Organization},
  volume={60},
  number={1},
  pages={169--203},
  year={2006},
  publisher={Cambridge University Press}
}

@article{powell2015,
  title={Nuclear Brinkmanship, Limited War, and Military Power},
  author={Powell, Robert},
  journal={International Organization},
  volume={69},
  number={3},
  pages={589--626},
  year={2015},
  publisher={Cambridge University Press}
}

@article{iwanami2014,
  title={The Selection and Signaling Effects of Third-Party Intervention},
  author={Iwanami, Yukari},
  journal={Journal of Theoretical Politics},
  volume={26},
  number={1},
  pages={135--157},
  year={2014},
  publisher={SAGE Publications Sage UK: London, England}
}

@article{Lederer2017,
 author  = {Edith M. Lederer},
 year    = {2017},
 month   = {June},
 title   = {UN Condemns Fighting in Buffer Zone Between Syria and Israel},
 journal = {The Assocaited Press},
 url     = {\url{https://www.seattletimes.com/nation-world/un-condemns-fighting-in-buffer-zone-between-syria-and-israel/}},
 urldate = {2021-09-10}
}

@article{R2P2009,
 author  = {António Guterres},
 year    = {2009},
 month   = {January},
 title   = {Implementing the Resopnsibility to Protect, 2009},
 journal = {Global Centre For the Responsibility to Protect},
 url     = {\url{https://www.globalr2p.org/resources/implementing-the-responsibility-to-protect-2009/}},
 urldate = {2021-09-10}
}

@article{gilligan2008,
  title={Do UN Interventions Cause Peace? Using Matching to Improve Causal Inference},
  author={Michael J. Gilligan and Ernest J. Sergenti},
  journal={Quarterly Journal of Political Science},
  volume={3},
  number={2},
  pages={89--122},
  year={2008},
  publisher={Citeseer}
}
@article{hansen2020,
  title={United Nations Peacekeeping and Terrorism: Short-Term Risks and Long-Term Benefits},
  author={Hansen, Holley E and Nemeth, Stephen C and Mauslein, Jacob A},
  journal={International Interactions},
  volume={46},
  number={2},
  pages={199--226},
  year={2020},
  publisher={Taylor \& Francis}
}

@article{forbes2016,
  title={The Long-Term Mental Health Impact of Peacekeeping: Prevalence and Predictors of Psychiatric Disorder},
  author={Forbes, David and O'Donnell, Meaghan and Brand, Rachel M and Korn, Sam and Creamer, Mark and McFarlane, Alexander C and Sim, Malcolm R and Forbes, Andrew B and Hawthorne, Graeme},
  journal={BJPsych Open},
  volume={2},
  number={1},
  pages={32--37},
  year={2016},
  publisher={Cambridge University Press}
}

 @misc{martin_2018, 
 title={Why U.N. Peacekeepers' Job Has Become More Dangerous in the Past 5 Years}, 
 url={\url{https://www.npr.org/2018/01/28/581456129/why-u-n-peacekeepers-job-has-become-more-dangerous-in-the-past-5-years}}, 
 journal={NPR}, 
 publisher={NPR}, 
 author={Martin, Michel}, 
 year={2018},
month={Jan}
  } 

@article{karlsrud2015,
  title={The UN at War: Examining the Consequences of Peace-Enforcement Mandates for the UN Peacekeeping Operations in the CAR, the DRC and Mali},
  author={Karlsrud, John},
  journal={Third World Quarterly},
  volume={36},
  number={1},
  pages={40--54},
  year={2015},
  publisher={Taylor \& Francis}
}

@article{henke2019,
  title={UN Fatalities 1948--2015: A New Dataset},
  author={Henke, Marina E},
  journal={Conflict Management and Peace Science},
  volume={36},
  number={4},
  pages={425--442},
  year={2019},
  publisher={SAGE Publications Sage UK: London, England}
}

 @misc{hiller_2020,
title={The Unintended Consequences of ``Robust" UN Peace Operations}, 
url={\url{https://peacesciencedigest.org/unintended-consequences-robust-un-peace-operations/}}, 
journal={Peace Science Digest}, 
author={Hiller, Patrick}, 
year={2020}, 
month={Sep}
} 

@article{perry2013,
  title={Trends in Uniformed Contributions to UN Peacekeeping: A New Dataset, 1991-2012},
  author={Perry, Chris and Smith, Adam},
  journal={International Peace Institute},
  volume={},
  year={2013}
}

@article{lloyd2021,
  title={New Data on UN Mission Mandates 1948--2015: Tasks Assigned to Missions in their Mandates (TAMM)},
  author={Lloyd, Gabriella},
  journal={Journal of Peace Research},
  pages={0022343320980822},
  year={2021},
  publisher={SAGE Publications Sage UK: London, England}
}

@article{sundberg2013,
  title={Introducing the UCDP Georeferenced Event Dataset},
  author={Sundberg, Ralph and Melander, Erik},
  journal={Journal of Peace Research},
  volume={50},
  number={4},
  pages={523--532},
  year={2013},
  publisher={Sage Publications Sage UK: London, England}
}

@incollection{CINC,
  author      = "J. David Singer and Stuart Bremer and John Stuckey",
  title       = "Capability Distribution, Uncertainty, and Major Power War, 1820-1965",
  editor      = "Bruce Russett",
  booktitle   = "Peace, War, and Numbers",
  publisher   = "Sage",
  address     = "Beverly Hills",
  year        = "1972",
  pages       = "19-48",
  chapter     = "",
}

@article{kreutz2010,
  title={How and When Armed Conflicts End: Introducing the UCDP Conflict Termination Dataset},
  author={Kreutz, Joakim},
  journal={Journal of Peace Research},
  volume={47},
  number={2},
  pages={243--250},
  year={2010},
  publisher={Sage Publications Sage UK: London, England}
}

@article{thyne2010,
  title={Supporter of Stability or Agent of Agitation? The Effect of US Foreign Policy on Coups in Latin America, 1960—99},
  author={Thyne, Clayton L},
  journal={Journal of Peace Research},
  volume={47},
  number={4},
  pages={449--461},
  year={2010},
  publisher={Sage Publications Sage UK: London, England}
}

 @misc{razza_2020,
 title={The Accountability System for the Protection of Civilians in UN Peacekeeping}, 
 url= {\url{https://www.ipinst.org/2020/12/the-accountability-system-for-the-protection-of-civilians-in-un-peacekeeping}}, 
 journal={International Peace Institute}, 
 author={Razza, Namie De},
 year={2020}, 
 month={Dec}
 } 

 @article{bove2011,
  title={Supplying peace: Participation In and Troop Contribution to Peacekeeping Missions},
  author={Bove, Vincenzo and Elia, Leandro},
  journal={Journal of Peace Research},
  volume={48},
  number={6},
  pages={699--714},
  year={2011},
  publisher={Sage Publications Sage UK: London, England}
}

 @misc{generalassembly_2021, 
 title={Despite Record \$1 Billion Received in Regular Budget Contributions, Late Payments Still Hindering Mandate Implementation, Speakers Tell Fifth Committee | Meetings Coverage and Press Releases}, 
 url= {\url{https://www.un.org/press/en/2021/gaab4367.doc.htm}}, 
 journal={United Nations}, 
 publisher={United Nations}, 
 author={General Assembly, The}, 
 year={2021}, 
 month={May}
 } 

  @misc{kuo_huang_2016, 
  title={China Reacts to the Death of Two Peacekeepers in South Sudan with Grief and Rage},
  url= {\url{https://qz.com/africa/728566/china-reacts-to-the-death-of-two-peacekeepers-in-south-sudan-with-grief-and-rage/}}, 
  journal={Quartz Africa}, 
  publisher={Quartz}, 
  author={Kuo, Lily and Huang, Echo}, 
  year={2016}, 
  month={Jul}
  } 

  @article{fjelde2016,
  title={Offsetting Losses: Bargaining Power and Rebel Attacks on Peacekeepers},
  author={Fjelde, Hanne and Hultman, Lisa and Lindberg Bromley, Sara},
  journal={International Studies Quarterly},
  volume={60},
  number={4},
  pages={611--623},
  year={2016},
  publisher={Oxford University Press}
}

@article{kathman2010,
  title={Civil War Contagion and Neighboring Interventions},
  author={Kathman, Jacob D},
  journal={International Studies Quarterly},
  volume={54},
  number={4},
  pages={989--1012},
  year={2010},
  publisher={Blackwell Publishing Ltd Oxford, UK}
}

@article{kathman2011civil,
  title={Civil War Diffusion and Regional Motivations for Intervention},
  author={Kathman, Jacob D},
  journal={Journal of Conflict Resolution},
  volume={55},
  number={6},
  pages={847--876},
  year={2011},
  publisher={SAGE Publications Sage CA: Los Angeles, CA}
}

@article{salehyan2006,
  title={Refugees and the Spread of Civil War},
  author={Salehyan, Idean and Gleditsch, Kristian Skrede},
  journal={International Organization},
  volume={60},
  number={2},
  pages={335--366},
  year={2006},
  publisher={Cambridge University Press}
}

@article{uzonyi2015,
  title={Refugee Flows and State Contributions to pPost-Cold War UN Peacekeeping Missions},
  author={Uzonyi, Gary},
  journal={Journal of Peace Research},
  volume={52},
  number={6},
  pages={743--757},
  year={2015},
  publisher={SAGE Publications Sage UK: London, England}
}

@article{zhang2021,
  title={Trade Potential and UN Peacekeeping Participation},
  author={Zhang, Shenghao},
  journal={International Peacekeeping},
  pages={1--28},
  year={2021},
  publisher={Taylor \& Francis}
}

@article{werner2005,
  title={Making and Keeping Peace},
  author={Werner, Suzanne and Yuen, Amy},
  journal={International Organization},
  volume={59},
  number={2},
  pages={261--292},
  year={2005},
  publisher={Cambridge University Press}
}

@article{walter2009,
  title={Bargaining Failures and Civil War},
  author={Walter, Barbara F},
  journal={Annual Review of Political Science},
  volume={12},
  pages={243--261},
  year={2009},
  publisher={Annual Reviews}
}

@incollection{UNSC_21,
  author      = "Jean-Marie Guéhenno",
  title       = "Robust Peacekeeping and the Limits of Force",
  editor      = "Sebastian von Einsiedel, David M. Malone, Bruno Stagno Ugarte",
  booktitle   = "The UN Security Council in the Twetny-First Century",
  publisher   = "Lynne Pienner Publishers",
  address     = "Boulder, CO",
  year        = "2016",
  pages       = "373--392",
  chapter     = "18",
}

@incollection{glory,
  author      = "Andrew Lambert",
  title       = "'Good, While it Lasts:' Great Britain and the Crimean War Coalition, 1854-1856.",
  editor      = "D.E. Showalter",
  booktitle   = "Future Wars: Coalition Operations in Global Strategy",
  publisher   = "Imprint",
  address     = "Chicago, Il",
  year        = "2002",
  pages       = "",
  chapter     = "",
}

@article{diffie1976new,
  title={New directions in cryptography},
  author={Diffie, Whitfield and Hellman, Martin},
  journal={IEEE Transactions on Information Theory},
  volume={22},
  number={6},
  pages={644--654},
  year={1976},
  publisher={IEEE}
}

@misc{monty,
  author = {FoundationINTERVIEWS},
  title = {{Monty Hall} discusses the {Let's Make a Deal} {Monty Hall} Math Problem},
  url = "\url{https://www.youtube.com/watch?v=c1BSkquWkDo}",
  year = {2011}, 
  note = "[Online; accessed 27-July-2019]"
}

@misc{Ch5,
  author = {United Nations, The},
  title = {Chapter V: The Security Council},
  year = {1945}
}

@misc{Mandate_Legal, 
  title={Mandates and the Legal Basis for Peacekeeping},
  url={\url{https://peacekeeping.un.org/en/mandates-and-legal-basis-peacekeeping}}, 
  author={United Nations, The}, 
  year={2021}
} 

@misc{Ch6,
  author = {United Nations, The},
  title = {Chapter VI: Pacific Settlement of Disputes},
  year = {1945}
}

@misc{Ch7,
  author = {United Nations, The},
  title = {Chapter VII: Action with Respect to Threats to the Peace, Breaches of the Peace, and Acts of Aggressions},
  year = {1945}
}

@misc{Ch8,
  author = {United Nations, The},
  title = {Chapter VIII: Regional Arrangements},
  year = {1945}
}

@misc{Manual,
 title={United Nations Peacekeeping Operations: Principles and Guidelines}, 
 url={\url{https://peacekeeping.un.org/sites/default/files/capstone\_eng\_0.pdf}}, 
 publisher={The United Nations}, 
 author={Department of Peacekeeping Operations, The and United Nations Secretariat, The}, 
 year={2008}
}

@article{o1996,
  title={Power and Satisfaction in the United Nations Security Council},
  author={O'Neill, Barry},
  journal={Journal of Conflict Resolution},
  volume={40},
  number={2},
  pages={219--237},
  year={1996},
  publisher={Sage Periodicals Press 2455 Teller Road, Thousand Oaks, CA 91320}
}

@misc{Deploy, 
  title={Deployment and Reimbursement},
  url={\url{https://peacekeeping.un.org/en/deployment-and-reimbursement}}, 
  author={United Nations, The}, 
  year={2021}
} 

@misc{Handbook,
 title={Handbook on United Nations Multidimensional Peacekeeping Operations}, 
 url={\url{https://peacekeeping.un.org/sites/default/files/peacekeeping-handbook\_un\_dec2003\_0.pdf}}, 
 publisher={The United Nations}, 
 author={Department of Peacekeeping Operations}, 
 year={2003}
}

@article{powell2012determinants,
  title={Determinants of the Attempting and Outcome of Coups d’{\'e}tat},
  author={Powell, Jonathan},
  journal={Journal of Conflict Resolution},
  volume={56},
  number={6},
  pages={1017--1040},
  year={2012},
  publisher={Sage Publications Sage CA: Los Angeles, CA}
}

@misc{UNMISET,
title={UNMISET: United Nations Mission of Support in East Timor - Background}, 
url={https://peacekeeping.un.org/mission/past/unmiset/background.html}, 
journal={United Nations}, 
publisher={United Nations}, 
author={Department of Peacekeeping Operations, The}, 
year={2006}
}

@misc{UNMIS, 
title={UNMIS Background - United Nations Mission in the Sudan}, 
url = {\url={https://peacekeeping.un.org/en/mission/past/unmis/background.shtml}}, 
journal={United Nations}, 
publisher={United Nations}, 
author={Department of Peacekeeping Operations, The}, 
year={2011}
}

@misc{UN_GDP,
title = {Per Capita GDP at Current Prices - US Dollars},
url ={\url{https://data.un.org/Data.aspx?d=SNAAMA&f=grID%3A101%3BcurrID%3AUSD%3BpcFlag%3A1}},
publisher = {The United Nations},
author = {United Nations Statistics Division, The},
year = {2021}
}

@misc{VDemV11,
Author = {Coppedge, Michael and Gerring, John and Knutsen, Carl Henrik and
Lindberg, Staffan I. and Teorell, Jan and Alizada, Nazifa and Altman, David and
Bernhard, Michael and Cornell, Agnes and Fish, M. Steven and Gastaldi, Lisa and
Gjerl{\o}w, Haakon and Glynn, Adam and Hicken, Allen and Hindle, Garry and
Ilchenko, Nina and Krusell, Joshua and L{\"u}hrmann, Anna and Maerz, Seraphine F.
and Marquardt, Kyle L. and McMann, Kelly and Mechkova, Valeriya and
Medzihorsky, Juraj and Paxton, Pamela and Pemstein, Daniel and Pernes, Josefine
and von R{\"o}mer, Johannes and Seim, Brigitte and Sigman, Rachel and
Skaaning, Svend-Erik and Staton, Jeffrey and Sundstr{\"o}m, Aksel and
Tzelgov, Eitan and Wang, Yi-ting and Wig, Tore and Wilson, Steven and
Ziblatt, Daniel},
title = {V-Dem Country-Year Dataset v11.1},
doi = {https://doi.org/10.23696/vdemds21},
publisher = {Varieties of Democracy (V-Dem) Project},
year = {2021}
}

@article{mm2021,
Author = {Pemstein, Daniel and Marquardt, Kyle L. and Tzelgov, Eitan and
Wang, Yi-ting and Medzihorsky, Juraj and Krusell, Joshua and Miri, Farhad
and von R{\"o}mer, Johannes},
Journal = {Varieties of Democracy Institute Working Paper},
title = {The V-Dem Measurement Model: Latent Variable Analysis for
Cross-National and Cross-Temporal Expert-Coded Data},
url = {{\url{https://www.v-dem.net/en/news-publications/working-papers/}}},
Volume = {21},
Number = {6th Ed},
Year = {2021}
}

@misc{WB_Size,
author = {World Bank, The},
title = {Land Area (Sq. Km.)},
url = {{\url{https://data.worldbank.org/indicator/AG.LND.TOTL.K2?view=chart}}},
year = {2021},
publisher = {The World Bank}
}

@article{chiba2015careful,
  title={Careful Commitments: Democratic States and Alliance Design},
  author={Chiba, Daina and Johnson, Jesse C and Leeds, Brett Ashley},
  journal={The Journal of Politics},
  volume={77},
  number={4},
  pages={968--982},
  year={2015},
  publisher={University of Chicago Press Chicago, IL}
}

@article{signorino1999tau,
  title={Tau-b or Not Tau-b: Measuring the Similarity of Foreign Policy Positions},
  author={Signorino, Curtis S and Ritter, Jeffrey M},
  journal={International Studies Quarterly},
  volume={43},
  number={1},
  pages={115--144},
  year={1999},
  publisher={Oxford University Press}
}

@article{barbieri2009trading,
  title={Trading Data: Evaluating Our Assumptions and Coding Rules},
  author={Barbieri, Katherine and Keshk, Omar MG and Pollins, Brian M},
  journal={Conflict Management and Peace Science},
  volume={26},
  number={5},
  pages={471--491},
  year={2009},
  publisher={SAGE Publications Sage UK: London, England}
}

@techreport{Barbieri_Codebook,
author = {Katherine Barbieri and Omar M. G. Omar Kesh},
year = {2016},
title = {Correlates of War Project Trade Data Set Codebook},
type = {},
number = {Version 4.0},
url = {\url{https://correlatesofwar.org}}
}

@article{beardsley2011,
  title={Peacekeeping and the Contagion of Armed Conflict},
  author={Beardsley, Kyle},
  journal={The Journal of Politics},
  volume={73},
  number={4},
  pages={1051--1064},
  year={2011},
  publisher={Cambridge University Press New York, USA}
}

@article{hultman2016united,
  title={United Nations Peacekeeping Dynamics and the Duration of Post-Civil Conflict Peace},
  author={Hultman, Lisa and Kathman, Jacob D and Shannon, Megan},
  journal={Conflict Management and Peace Science},
  volume={33},
  number={3},
  pages={231--249},
  year={2016},
  publisher={SAGE Publications Sage UK: London, England}
}

@Phdthesis{lloyd_diss,
author = "Gabriella Lloyd",
title = "Mandating (In)Security: How UN Missions Endanger the Civilians They Intend to Protect",
school = "The Ohio State University",
year = "2017"
}

@article{vanderweele2008causal,
  title={Causal Directed Acyclic Graphs and the Direction of Unmeasured Confounding Bias},
  author={VanderWeele, Tyler J and Hern{\'a}n, Miguel A and Robins, James M},
  journal={Epidemiology (Cambridge, Mass.)},
  volume={19},
  number={5},
  pages={720},
  year={2008},
  publisher={NIH Public Access}
}

@book{cunningham2021causal,
  title={Causal Inference: The Mixtape},
  author={Cunningham, Scott},
  year={2021},
  publisher={Yale University Press}
}

@article{blair2021,
  title={UN Peacekeeping and the Rule of Law},
  author={Blair, Robert A},
  journal={American Political Science Review},
  volume={115},
  number={1},
  pages={51--68},
  year={2021},
  publisher={Cambridge University Press}
}

@misc{UN_SC,
  author        = "{United Nations Peacekeeping}",
  title         = "The Role of the Security Council",
  month         = "", 
  year          = "2021",
  url           = {\url{https://peacekeeping.un.org/en/role-of-security-council}}
}

@misc{Ch6,
  author = {United Nations, The},
  title = {Chapter VI: Pacific Settlement of Disputes},
  year = {1945}
}

@misc{Ch7,
  author = {United Nations, The},
  title = {Chapter VII: Action with Respect to Threats to the Peace, Breaches of the Peace, and Acts of Aggressions},
  year = {1945}
}

@misc{Deploy, 
  title={Deployment and Reimbursement},
  url={\url{https://peacekeeping.un.org/en/deployment-and-reimbursement}}, 
  author={United Nations, The}, 
  year={2021}
} 

@article{savun2008,
  title={Information, Bias, and Mediation Success},
  author={Savun, Burcu},
  journal={International Studies Quarterly},
  volume={52},
  number={1},
  pages={25--47},
  year={2008},
  publisher={Blackwell Publishing Ltd Oxford, UK}
}

@book{Use_Force,
  title = "Use of Force by Military Components in United Nations Peacekeeping Operations",
  author = "Department of Peacekeeping Operations, the and Department of Field Support, the",
  year = "2017",
  publisher = "United Nations",
  url = "{\url{https://info.publicintelligence.net/UN-PeacekeepingForces-2017.pdf}}"
  }

@book{Infantry,
  title = "United Nations Infantry Battalion Manual (UNIBMA)",
  author = "Department of Peace Operations, The",
  year = "2020",
  publisher = "United Nations",
  url = "{\url{https://peacekeeping.un.org/sites/default/files/3._military_-_1_united_nations_infantry_battalion_manual_unibam.pdf}}"
}

@incollection{Risk_Society,
  author      = "Frans Osinga and Julian Lindley-French",
  title       = "Leading Military Organizations in the Risk Society",
  editor      = "Joseph Soeters and Paul C. van Fenema and Robert Beeres",
  booktitle   = "Managing Military Operations: Theory and Practice",
  publisher   = "Routledge",
  year        = 2010,
  pages       = "17-28",
  chapter     = 2,
}

@book{von2008war,
  title={On War},
  author={Von Clausewitz, Carl},
  year={2008},
  publisher={Princeton University Press}
}

@report{Improve_Security,
  title = "Improving Security of United Nations Peacekeepers: We Need to Change the Way We Are Doing Business",
  author = "Lieutenant General (Retired) Carlos Alberto dos Santos Cruz and William R. Phillips and Salvator Cusimaano",
  date = "December 19, 2017",
  institution = "The United Nations",
  type = "Independent Report",
  year = "2017"
  }

@misc{UNMISS,
title={UNMISS: United Nations Mission in South Sudan - Background}, 
url={\url{https://unmiss.unmissions.org/background}}, 
journal={United Nations}, 
publisher={United Nations}, 
author={Department of Peacekeeping Operations, The}, 
year={2021}
}

@incollection{PKO_UNMISS,
  author      = "Cedric de Coning and Diana Felix Da Costa",
  title       = "United Nations Mission in the Republic of South Sudan",
  editor      = "Joachim A. Koops and Thierry Tardy and Norrie MacQueen and Paul D. Williams",
  booktitle   = "The Oxford Handbook of United Nations Peacekeeping Operations",
  publisher   = "Oxford University Press",
  address     = "Oxford",
  year        = 2015,
  pages       = "831-839",
  chapter     = 74,
}

@incollection{PKO_UNISFA,
  author      = "Holger Osterrieder and Johannes Lehne and Vladimir Kmec",
  title       = "United Nations Interim Security Force in Abyei (UNISFA)",
  editor      = "Joachim A. Koops and Thierry Tardy and Norrie MacQueen and Paul D. Williams",
  booktitle   = "The Oxford Handbook of United Nations Peacekeeping Operations",
  publisher   = "Oxford University Press",
  address     = "Oxford",
  year        = 2015,
  pages       = "819-827",
  chapter     = 73,
}

@article{david2011,
  title={When Civil Wars Recur: Conditions for Durable Peace After Civil Wars},
  author={David Mason, T and Gurses, Mehmet and Brandt, Patrick T and Michael Quinn, Jason},
  journal={International Studies Perspectives},
  volume={12},
  number={2},
  pages={171--189},
  year={2011},
  publisher={Oxford University Press}
}

@misc{della-giacoma_2015, 
title={"Good Offices" Means Taking Risks: Global Peace Operations Review}, 
url= {\url{https://peaceoperationsreview.org/interviews/good-offices-means-taking-risks/}}, 
journal={Global Peace Operations Review}, 
author={Della-Giacoma, Jim}, 
year={2015}, 
month={November}
}

@article{johansson2019,
  title={UN Peacekeeping and Protection from Sexual Violence},
  author={Johansson, Karin and Hultman, Lisa},
  journal={Journal of Conflict Resolution},
  volume={63},
  number={7},
  pages={1656--1681},
  year={2019},
  publisher={SAGE Publications Sage CA: Los Angeles, CA}
}

@article{kirschner2019,
  title={Does Peacekeeping Really Bring Peace? Peacekeepers and Combatant-Perpetrated Sexual Violence in Civil Wars},
  author={Kirschner, Shanna and Miller, Adam},
  journal={Journal of Conflict Resolution},
  volume={63},
  number={9},
  pages={2043--2070},
  year={2019},
  publisher={Sage Publications Sage CA: Los Angeles, CA}
}

@article{fjelde2014,
  title={Weakening the Enemy: A Disaggregated Study of Violence Against Civilians in Africa},
  author={Fjelde, Hanne and Hultman, Lisa},
  journal={Journal of Conflict Resolution},
  volume={58},
  number={7},
  pages={1230--1257},
  year={2014},
  publisher={SAGE Publications Sage CA: Los Angeles, CA}
}

@article{hoelscher2017conflict,
  title={Conflict, Peacekeeping, and Humanitarian Security: Understanding Violent Attacks Against Aid Workers},
  author={Hoelscher, Kristian and Miklian, Jason and Nyg{\aa}rd, H{\aa}vard Mokleiv},
  journal={International Peacekeeping},
  volume={24},
  number={4},
  pages={538--565},
  year={2017},
  publisher={Taylor \& Francis}
}

@techreport{TAMM_Codebook,
author = {Gabriella Lloyd},
year = {2021},
title = {Tasks Assigned to Missions in their Mandates Version 2.0 Codebook},
type = {},
number = {},
url = {\url{http://www.gabriellalloyd.com/tamm}}
}

@article{morrow1998,
  title={The Political Determinants of International Trade: The Major Powers, 1907--1990},
  author={Morrow, James D and Siverson, Randolph M and Tabares, Tressa E},
  journal={American Political Science Review},
  volume={92},
  number={3},
  pages={649--661},
  year={1998},
  publisher={Cambridge University Press}
}

@article{lujala2010,
  title={The Spoils of Nature: Armed Civil Conflict and Rebel Access to Natural Resources},
  author={Lujala, P{\"a}ivi},
  journal={Journal of Peace Research},
  volume={47},
  number={1},
  pages={15--28},
  year={2010},
  publisher={Sage Publications Sage UK: London, England}
}

@article{lujala2009,
  title={Deadly Combat Over Natural Resources: Gems, Petroleum, Drugs, and the Severity of Armed Civil Conflict},
  author={Lujala, Paivi},
  journal={Journal of Conflict Resolution},
  volume={53},
  number={1},
  pages={50--71},
  year={2009},
  publisher={Sage Publications Sage CA: Los Angeles, CA}
}

@article{fjelde2020election,
  title={Protecting the Vote? Peacekeeping Presence and the Risk of Electoral Violence},
  author={Fjelde, Hanne and Smidt, Hannah},
  journal={British Journal of Political Science},
  volume={First View},
  pages={1-20},
  year={2020}
}

@misc{QIP, 
 author = {United Nations, The},
 title={Quick Impact Projects for Communities},
 url= {\url{https://peacekeeping.un.org/en/quick-impact-projects-communities}}, 
 journal={United Nations}, 
 publisher={United Nations},
 year={2021}
 } 

@misc{Pol_Sol, 
 author = {United Nations, The},
 title={Advancing Political Solutions to Conflict},
 url= {\url{https://peacekeeping.un.org/en/advancing-political-solutions-to-conflict}}, 
 journal={United Nations}, 
 publisher={United Nations},
 year={2021}
 } 

 @book{Infantry_2012,
  title = "United Nations Infantry Battalion Manual Vol. 1",
  author = "Department of Peace Operations, The",
  year = "2012",
  publisher = "United Nations",
  url = "{\url{https://peacekeeping.un.org/sites/default/files/peacekeeping/en/UNIBAM.Vol.I.pdf}}"
}

 @article{fearon1997signaling,
  title={Signaling Foreign Policy Interests: Tying Hands Versus Sinking Costs},
  author={Fearon, James D},
  journal={Journal of Conflict Resolution},
  volume={41},
  number={1},
  pages={68--90},
  year={1997},
  publisher={Sage Periodicals Press 2455 Teller Road, Thousand Oaks, CA 91320}
}

@misc{Prot_Civs, 
 author = {United Nations, The},
 title={Protecting Civilians},
 url= {\url{https://peacekeeping.un.org/en/protecting-civilians}}, 
 journal={United Nations}, 
 publisher={United Nations},
 year={2022}
 } 

@incollection{PKO_UNOSOMII,
  author      = "Paul D. Williams",
  title       = "United Nations Operation in Somalia II (UNOSOM II)",
  editor      = "Joachim A. Koops and Thierry Tardy and Norrie MacQueen and Paul D. Williams",
  booktitle   = "The Oxford Handbook of United Nations Peacekeeping Operations",
  publisher   = "Oxford University Press",
  address     = "Oxford",
  year        = 2015,
  pages       = "429-442",
  chapter     = 34,
}

@incollection{PKO_UNMIL,
  author      = "Kathleen Jennings",
  title       = "United Nations Mission in Liberia (UNMIL)",
  editor      = "Joachim A. Koops and Thierry Tardy and Norrie MacQueen and Paul D. Williams",
  booktitle   = "The Oxford Handbook of United Nations Peacekeeping Operations",
  publisher   = "Oxford University Press",
  address     = "Oxford",
  year        = 2015,
  pages       = "694-706",
  chapter     = 59,
}

@incollection{PKO_UNDOF,
  author      = "Peter Rudloff and Paul F. Diehl",
  title       = "United Nations Disengagement Observer Force (UNDOF)",
  editor      = "Joachim A. Koops and Thierry Tardy and Norrie MacQueen and Paul D. Williams",
  booktitle   = "The Oxford Handbook of United Nations Peacekeeping Operations",
  publisher   = "Oxford University Press",
  address     = "Oxford",
  year        = 2015,
  pages       = "238-247",
  chapter     = 17,
}

 @misc{nations_2007, 
 title={Hybrid Force for Darfur Set to Deploy on 31 December - UN}, 
 url= {\url{https://news.un.org/en/story/2007/12/244652-hybrid-force-darfur-set-deploy-31-december-un}}, 
 journal={UN News}, 
 publisher={United Nations}, 
 author={United Nations, The}, 
 year={2007}, 
 month={Dec}
} 

@book{koops2015oxford,
  title={The Oxford Handbook of United Nations Peacekeeping Operations},
  author={Koops, Joachim Alexander and MacQueen, Norrie and Tardy, Thierry and Williams, Paul D},
  year={2015},
  publisher={Oxford Handbooks}
}

@article{oestman2021price,
  title={A Price for Peace: Troop Contributing Countries’ Responses to Peacekeeper Fatalities},
  author={Oestman, Jared},
  journal={International Interactions},
  volume={47},
  number={6},
  pages={986--1015},
  year={2021},
  publisher={Taylor \& Francis}
}

@article{howard2018use,
  title={The Use of Force in UN Peacekeeping},
  author={Howard, Lise Morj{\'e} and Dayal, Anjali Kaushlesh},
  journal={International Organization},
  volume={72},
  number={1},
  pages={71--103},
  year={2018},
  publisher={Cambridge University Press}
}

@electronic{res_2556,
  author        = "{United Nations Security Council}",
  journal       = "Resolution 2556",
  year          = "2020",
  month         = "",
  url           = {\url{https://monusco.unmissions.org/sites/default/files/s_res_25562020_e.pdf}}
}

@electronic{res_1265,
  author        = "{United Nations Security Council}",
  journal       = "The Protection of Civilians in Armed Conflict",
  year          = "1999",
  month         = "",
  url           = {\url{http://unscr.com/en/resolutions/doc/1265}}
}

@electronic{res_1296,
  author        = "{United Nations Security Council}",
  journal       = "Protection of Civilians in Armed Conflict",
  year          = "2000",
  month         = "",
  url           = {\url{http://unscr.com/en/resolutions/doc/1296}}
}

@electronic{res_1674,
  author        = "{United Nations Security Council}",
  journal       = "Protection of Civilians in Armed Conflict",
  year          = "2006",
  month         = "",
  url           = {\url{https://www.un.org/ruleoflaw/blog/document/security-council-resolution-1674-2006-on-protection-of-civilians-in-armed-conflict/}}
}

@electronic{res_1702,
  author        = "{United Nations Security Council}",
  journal       = "The Question Concerning Haiti",
  year          = "2006",
  month         = "",
  url           = {\url{http://unscr.com/en/resolutions/doc/1702}}
}

@article{stinnett2002correlates,
  title={The Correlates of War (COW) Project Direct Contiguity Data, Version 3.0},
  author={Stinnett, Douglas M and Tir, Jaroslav and Diehl, Paul F and Schafer, Philip and Gochman, Charles},
  journal={Conflict Management and Peace Science},
  volume={19},
  number={2},
  pages={59--67},
  year={2002},
  publisher={Sage Publications Sage CA: Thousand Oaks, CA}
}

@article{sullivan2007war,
  title={War Aims and War Outcomes: Why Powerful States Lose Limited Wars},
  author={Sullivan, Patricia L},
  journal={Journal of Conflict Resolution},
  volume={51},
  number={3},
  pages={496--524},
  year={2007},
  publisher={Sage Publications Sage CA: Los Angeles, CA}
}

@misc{united_nations_2013, 
  title={International Assistance Force for Mali Transformed into UN Peacekeeping Mission}, 
  url={\url{https://news.un.org/en/story/2013/07/443632}}, 
  journal={UN News}, 
  publisher={United Nations}, 
  author={United Nations, The}, 
  year={2013}, 
  month={Jul}
} 

@misc{united_nations, 
 author = {United Nations, The},
 title={Military Peacekeeping},
 url = {\url{https://peacekeeping.un.org/en/military}}, 
 journal={United Nations}, 
 publisher={United Nations},
 year={2021}
 } 

 @misc{UN_election,
  author        = "{UN News}",
  title         = "Haiti: UN Satisfied at Voting Process Despite Isolated Violence",
  month         = "Dec. 3", 
  year          = "2006",
  url           = {\url{https://news.un.org/en/story/2006/12/201772-haiti-un-satisfied-voting-process-despite-isolated-violence}}
}

@misc{UN_SC,
  author        = "{United Nations Peacekeeping}",
  title         = "The Role of the Security Council",
  month         = "", 
  year          = "2021",
  url           = {\url{https://peacekeeping.un.org/en/role-of-security-council}}
}

@misc{UN_deploy,
  author        = "{United Nations Peacekeeping}",
  title         = "Deployment and Reimbursement",
  month         = "", 
  year          = "2021",
  url           = {\url{https://peacekeeping.un.org/en/deployment-and-reimbursement}}
}

@misc{UNFICYPw80:online,
author = {United Nations Peacekeeping},
title = {UNFICYP Warns Against Hunting in the Buffer Zone},
url = {\url{https://peacekeeping.un.org/en/unficyp-warns-against-hunting-buffer-zone}},
month = {},
year = {2021},
url = {(Accessed on 08/27/2021)}
}

 @article{von2005,
  title={Do Treaties Constrain or Screen? Selection Bias and Treaty Compliance},
  author={Von Stein, Jana},
  journal={American Political Science Review},
  volume={99},
  number={4},
  pages={611--622},
  year={2005},
  publisher={Cambridge University Press}
}

@book{von2008,
  title={On War},
  author={Von Clausewitz, Carl},
  year={2008},
  publisher={Princeton University Press}
}

@article{ward2016,
  title={Standing Alongside Your Friends: Network Centrality and Providing Troops to UN Peacekeeping Operations},
  author={Ward, Hugh and Dorussen, Han},
  journal={Journal of Peace Research},
  volume={53},
  number={3},
  pages={392--408},
  year={2016},
  publisher={SAGE Publications Sage UK: London, England}
}

@article{king2001logistic,
  title={Logistic Regression in Rare Events Data},
  author={King, Gary and Zeng, Langche},
  journal={Political Analysis},
  volume={9},
  number={2},
  pages={137--163},
  year={2001},
  publisher={Cambridge University Press}
}

@article{neack1995peace,
  title={UN Peace-Keeping: In the Interest of Community or Self?},
  author={Neack, Laura},
  journal={Journal of Peace Research},
  volume={32},
  number={2},
  pages={181--196},
  year={1995},
  publisher={Sage Publications 6 Bonhill Street, London EC2A 4PU, UK}
}

 @misc{UN_CYP_2022,
  title={UNFICYP Condemns Attack on UN Patrol Vehicle},
  journal={United Nations Peacekeeping Force in Cyprus},
  publisher={The United Nations},
  author={United Nations, The},
  year={2022},
  month={May},
  url = {\url{https://unficyp.unmissions.org/unficyp-condemns-attack-un-patrol-vehicle}}
} 

@article{joshi2013united,
  title={United Nations Peacekeeping, Democratic Process, and the Durability of Peace after Civil Wars},
  author={Joshi, Madhav},
  journal={International Studies Perspectives},
  volume={14},
  number={3},
  pages={362--382},
  year={2013},
  publisher={Blackwell Publishing Ltd Oxford, UK}
}

@article{fjelde2021protecting,
  title={Protecting the Vote? Peacekeeping Presence and the Risk of Electoral Violence},
  author={Fjelde, Hanne and Smidt, Hannah M},
  journal={British Journal of Political Science},
  pages={1--20},
  year={2021},
  publisher={Cambridge University Press}
}

@article{di2022introducing,
  title={Introducing the Peacekeeping Mandates (PEMA) Dataset},
  author={Di Salvatore, Jessica and Magnus Lundgre and Kseniya Oksamytna and Hannah M. Smidt},
  journal={Journal of Conflict Resolution},
  volume={66},
  number={4-5},
  pages={924-951},
  year={2022},
  publisher={Sage Publications Sage CA: Los Angeles, CA}
}

@article{bobrow1997maintaining,
  title={Maintaining System Stability: Contributions to Peacekeeping Operations},
  author={Bobrow, Davis B and Boyer, Mark A},
  journal={Journal of Conflict Resolution},
  volume={41},
  number={6},
  pages={723--748},
  year={1997},
  publisher={Sage Periodicals Press 2455 Teller Road, Thousand Oaks, CA 91320}
}

@book{kaufman2018interaction,
  title={Interaction Effects in Linear and Generalized Linear Models: Examples and Applications Using Stata},
  author={Kaufman, Robert L},
  year={2018},
  publisher={SAGE Publications}
}

@incollection{meiske2017peacekeeping,
  title={Peacekeeping as a Tool of Foreign Policy},
  author={Meiske, Maline and Ruggeri, Andrea},
  booktitle={Oxford Research Encyclopedia of Politics},
  year={2017}
}

@article{joshi2020institutional,
  title={An Institutional Explanation of Troop Contributions in UN Peacekeeping Missions},
  author={Joshi, Madhav},
  journal={International Peacekeeping},
  volume={27},
  number={5},
  pages={785--809},
  year={2020},
  publisher={Taylor \& Francis}
}

@article{bullion1997india,
  title={India and UN Peacekeeping Operations},
  author={Bullion, Alan},
  journal={International Peacekeeping},
  volume={4},
  number={1},
  pages={98--114},
  year={1997},
  publisher={Taylor \& Francis}
}

@article{singer1972capability,
  title={Capability Distribution, Uncertainty, and Major Power War, 1820-1965},
  author={Singer, J David and Bremer, Stuart and Stuckey, John and others},
  journal={Peace, war, and numbers},
  volume={19},
  number={48},
  pages={9},
  year={1972}
}

@incollection{COW_NMC,
  address = {Beverly Hills},
  author = {David J. Singer and Stuart Bremer and John Stuckey},
  booktitle = {Peace, War, and Numbers},
  editor = {Bruce Russett},
  pages = {19-48},
  publisher = {Sage},
  title = {Capability Distribution, Uncertainty, and Major Power War, 1820-1965},
  year = {1972}}

@article{pevehouse2020tracking,
  title={Tracking Organizations in the World: The Correlates of War IGO Version 3.0 Datasets},
  author={Pevehouse, Jon CW and Nordstrom, Timothy and McManus, Roseanne W and Jamison, Anne Spencer},
  journal={Journal of Peace Research},
  volume={57},
  number={3},
  pages={492--503},
  year={2020},
  publisher={SAGE Publications Sage UK: London, England}
}

@article{donno2015screening,
  title={Screening Out Risk: IGOs, Member State Selection, and Interstate Conflict, 1951--2000},
  author={Donno, Daniela and Metzger, Shawna K and Russett, Bruce},
  journal={International Studies Quarterly},
  volume={59},
  number={2},
  pages={251--263},
  year={2015},
  publisher={Blackwell Publishing Ltd Oxford, UK}
}

@article{Brahimi,
      url = {http://digitallibrary.un.org/record/420963},
      title = {Identical letters dated 21 August 2000 from the  Secretary-General to the President of the General Assembly  and the President of the Security Council},
      publisher = {UN,},
      abstract = {Transmits report of the Panel on United Nations Peace  Operations, chaired by Lakhdar Brahimi. On 7 Mar. 2000 a  high-level panel was convened by the Secretary-General to  undertake a thorough review and to present a set of  concrete recommendations to assist the UN in conducting  these activities more successfully in the future. Subjects  covered include: Decision-making for peace operations; UN  capacities for rapid deployment; Headquarters role in  planning and supporting peacekeeping operations; Peace  operations and the information age; Challenges to  implementation. Annex 3 contains a summary of 20  recommendations.},
      recid = {420963},
      pages = {58 p.},
      address = {[New York] :. 2000-08-21},
      year = {2000},
      month = {Aug},
      author = {Brahimi Report, The}
}

 @misc{OMA, 
  title={Office of Military Affairs Peacekeeping}, 
  url={https://peacekeeping.un.org/en/office-of-military-affairs}, 
  journal={United Nations Peacekeeping}, 
  publisher={United Nations}, 
  author={United Nations, The},
  year = 2023} 

@article{vogt2015integrating,
  title={Integrating Data on Ethnicity, Geography, and Conflict: The Ethnic Power Relations Data Set Family},
  author={Vogt, Manuel and Bormann, Nils-Christian and R{\"u}egger, Seraina and Cederman, Lars-Erik and Hunziker, Philipp and Girardin, Luc},
  journal={Journal of Conflict Resolution},
  volume={59},
  number={7},
  pages={1327--1342},
  year={2015},
  publisher={SAGE Publications Sage CA: Los Angeles, CA}
}

@article{shaver2019terrain,
  title={Terrain Ruggedness and Land Cover: Improved Data for Most Research Designs},
  author={Shaver, Andrew and Carter, David B and Shawa, Tsering Wangyal},
  journal={Conflict Management and Peace Science},
  volume={36},
  number={2},
  pages={191--218},
  year={2019},
  publisher={SAGE Publications Sage UK: London, England}
}